@BOOK{latexbook,
   author = "Leslie Lamport",
   title = "{\LaTeX \rm:} {A} Document Preparation System",
   publisher = "Addison-Wesley",
   year = 1986
   }
@article{freeman:social_networks:1979, 
    author = {Linton C. Freeman},
    title = {Centrality in Social Networks Conceptual Clarification},
    journal = {Social Networks},
    volume = 1,
    year = 1979,
    pages = {215--239},
}
@ARTICLE{culinary:njp:2008,
  author = {Osame Kinouchi AND Rosa W. Diez-Garcia AND Adriano J. Holanda AND Pedro Zambianchi and Antonio C. Roque},
  title = {The Nonequilibrium Nature of Culinary Evolution},
  journal = {New Journal of Physics},
  year = 2008,
  month = jul,
  volume = 10,
  }

@article{wong:cbr:1994,
 author = {E. T. Wong and T. A. Pryor and S. M. Huff and P. J. Haug and H. R. Warner},
 title = {Interfacing a stand-alone diagnostic expert system with a hospital information system},
 journal = {Comput. Biomed. Res.},
 volume = {27},
 number = {2},
 year = {1994},
 issn = {0010-4809},
 pages = {116--129},
 doi = {http://dx.doi.org/10.1006/cbmr.1994.1012},
 publisher = {Academic Press Professional, Inc.},
 }